@article{hamermesh2005beauty,
  title={Beauty in the classroom: Instructorsâ€™ pulchritude and putative pedagogical productivity},
  author={Hamermesh, Daniel S and Parker, Amy},
  journal={Economics of Education Review},
  volume={24},
  number={4},
  pages={369--376},
  year={2005},
  publisher={Elsevier}
}