@article{salt1991swedish,
  title={Swedish Aspirin Low-Dose Trial (SALT) of 75 mg aspirin as secondary prophylaxis after cerebrovascular ischaemic events},
  author={SALT Collaborative Group and others},
  journal={The Lancet},
  volume={338},
  number={8779},
  pages={1345--1349},
  year={1991},
  publisher={Elsevier}
}